../../ref/MSc2.bib