../../ref/MSc3.bib